@article{Xu2018,
  doi = {10.1073/pnas.1717022115},
  url = {https://doi.org/10.1073/pnas.1717022115},
  year = {2018},
  author = {Tianqi Xu and Jing Huo and Shuai Shao and Michelle Po and Taizo Kawano and Yangning Lu and Min Wu and Mei Zhen and Quan Wen},
  title = {Descending pathway facilitates undulatory wave propagation {in Caenorhabditis} elegans through gap junctions},
}

@article{Gjorgjieva2014,
  doi = {10.1093/biosci/biu058},
  url = {https://doi.org/10.1093/biosci/biu058},
  year = {2014},
  author = {Julijana Gjorgjieva and David Biron and Gal Haspel},
  title = {Neurobiology of Caenorhabditis elegans Locomotion: Where Do We Stand?},
}

@article{Keener1983,
  doi = {10.1109/tsmc.1983.6313098},
  url = {https://doi.org/10.1109/tsmc.1983.6313098},
  year = {1983},
  author = {James P. Keener},
  title = {Analog circuitry for the van der {Pol} and {FitzHugh}-{Nagumo} equations},
}
